<?xml version="1.0" encoding="UTF-8"?>
<marc:record xmlns:marc="http://www.loc.gov/MARC21/slim" xmlns:xsi="http://www.w3.org/2001/XMLSchema-instance" xsi:schemaLocation="http://www.loc.gov/standards/marcxml/schema/MARC21slim.xsd">
  <marc:controlfield tag="001">pe30001185</marc:controlfield>
  <marc:controlfield tag="003">DE-633</marc:controlfield>
  <marc:controlfield tag="005">20190130084328.0</marc:controlfield>
  <marc:controlfield tag="008">161109n|||||||a||| a</marc:controlfield>
  <marc:datafield tag="024" ind1="7" ind2=" ">
    <marc:subfield code="a">86532091</marc:subfield>
    <marc:subfield code="2">VIAF</marc:subfield>
  </marc:datafield>
  <marc:datafield tag="024" ind1="7" ind2=" ">
    <marc:subfield code="a">CFIV126016</marc:subfield>
    <marc:subfield code="2">ICCU</marc:subfield>
  </marc:datafield>
  <marc:datafield tag="024" ind1="7" ind2=" ">
    <marc:subfield code="a">118689061</marc:subfield>
    <marc:subfield code="2">DNB</marc:subfield>
  </marc:datafield>
  <marc:datafield tag="040" ind1=" " ind2=" ">
    <marc:subfield code="a">DE-633</marc:subfield>
  </marc:datafield>
  <marc:datafield tag="042" ind1=" " ind2=" ">
    <marc:subfield code="a">individualized</marc:subfield>
  </marc:datafield>
  <marc:datafield tag="043" ind1=" " ind2=" ">
    <marc:subfield code="c">XA-IT</marc:subfield>
  </marc:datafield>
  <marc:datafield tag="100" ind1="1" ind2=" ">
    <marc:subfield code="a">Gabrieli, Andrea</marc:subfield>
    <marc:subfield code="d">1532c-1585</marc:subfield>
    <marc:subfield code="y">1532c-30.08.1585</marc:subfield>
  </marc:datafield>
  <marc:datafield tag="375" ind1=" " ind2=" ">
    <marc:subfield code="a">male</marc:subfield>
  </marc:datafield>
  <marc:datafield tag="400" ind1="1" ind2=" ">
    <marc:subfield code="a">Andrea da Cannaregio</marc:subfield>
  </marc:datafield>
  <marc:datafield tag="400" ind1="1" ind2=" ">
    <marc:subfield code="a">Gabrieli da Canereio, Andrea</marc:subfield>
    <marc:subfield code="j">xx</marc:subfield>
  </marc:datafield>
  <marc:datafield tag="400" ind1="1" ind2=" ">
    <marc:subfield code="a">Gabrielli, Andrea</marc:subfield>
    <marc:subfield code="j">xx</marc:subfield>
  </marc:datafield>
  <marc:datafield tag="500" ind1="1" ind2=" ">
    <marc:subfield code="a">Gabrieli, Giovanni</marc:subfield>
    <marc:subfield code="i">related to</marc:subfield>
    <marc:subfield code="0">30001186</marc:subfield>
  </marc:datafield>
  <marc:datafield tag="550" ind1=" " ind2=" ">
    <marc:subfield code="a">Composer</marc:subfield>
  </marc:datafield>
  <marc:datafield tag="550" ind1=" " ind2=" ">
    <marc:subfield code="a">Organist</marc:subfield>
  </marc:datafield>
  <marc:datafield tag="551" ind1=" " ind2=" ">
    <marc:subfield code="a">Venezia</marc:subfield>
    <marc:subfield code="i">go</marc:subfield>
  </marc:datafield>
  <marc:datafield tag="551" ind1=" " ind2=" ">
    <marc:subfield code="a">Venezia</marc:subfield>
    <marc:subfield code="i">so</marc:subfield>
  </marc:datafield>
  <marc:datafield tag="551" ind1=" " ind2=" ">
    <marc:subfield code="a">Venezia</marc:subfield>
    <marc:subfield code="i">wo</marc:subfield>
  </marc:datafield>
  <marc:datafield tag="670" ind1=" " ind2=" ">
    <marc:subfield code="a">DEUMM/b</marc:subfield>
    <marc:subfield code="b">Gabrieli, Andrea [1510c (1533c)-1586]</marc:subfield>
    <marc:subfield code="w">1577</marc:subfield>
  </marc:datafield>
  <marc:datafield tag="670" ind1=" " ind2=" ">
    <marc:subfield code="a">EitnerQ</marc:subfield>
    <marc:subfield code="b">Gabrieli, Andrea [1510c-1586]</marc:subfield>
    <marc:subfield code="w">1272</marc:subfield>
  </marc:datafield>
  <marc:datafield tag="670" ind1=" " ind2=" ">
    <marc:subfield code="a">Grove|6</marc:subfield>
    <marc:subfield code="b">Gabrieli, Andrea [1510c-1586]</marc:subfield>
    <marc:subfield code="w">1258</marc:subfield>
  </marc:datafield>
  <marc:datafield tag="670" ind1=" " ind2=" ">
    <marc:subfield code="a">Grove|7</marc:subfield>
    <marc:subfield code="b">Gabrieli, Andrea [1532 (1533)-1585]</marc:subfield>
    <marc:subfield code="w">3072</marc:subfield>
  </marc:datafield>
  <marc:datafield tag="670" ind1=" " ind2=" ">
    <marc:subfield code="a">GroveMO</marc:subfield>
    <marc:subfield code="b">Gabrieli, Andrea [1532 (1533)-1585]</marc:subfield>
    <marc:subfield code="w">41000731</marc:subfield>
  </marc:datafield>
  <marc:datafield tag="670" ind1=" " ind2=" ">
    <marc:subfield code="a">MGG</marc:subfield>
    <marc:subfield code="b">Gabrieli, Andrea [1510p (1520a)-1586]</marc:subfield>
    <marc:subfield code="w">1263</marc:subfield>
  </marc:datafield>
  <marc:datafield tag="670" ind1=" " ind2=" ">
    <marc:subfield code="a">MGG|2/p</marc:subfield>
    <marc:subfield code="b">Gabrieli, Andrea [1532 (1533)-1585]</marc:subfield>
    <marc:subfield code="w">3828</marc:subfield>
  </marc:datafield>
  <marc:datafield tag="670" ind1=" " ind2=" ">
    <marc:subfield code="a">MGG Online</marc:subfield>
    <marc:subfield code="b">Gabrieli, Andrea [1532 (1533)-1585]</marc:subfield>
    <marc:subfield code="w">41000733</marc:subfield>
  </marc:datafield>
  <marc:datafield tag="670" ind1=" " ind2=" ">
    <marc:subfield code="a">RISM A/I suppl.</marc:subfield>
    <marc:subfield code="b">Gabrieli, Andrea</marc:subfield>
    <marc:subfield code="w">3808</marc:subfield>
  </marc:datafield>
  <marc:datafield tag="670" ind1=" " ind2=" ">
    <marc:subfield code="a">RISM A/I</marc:subfield>
    <marc:subfield code="b">Gabrieli, Andrea</marc:subfield>
    <marc:subfield code="w">3806</marc:subfield>
  </marc:datafield>
  <marc:datafield tag="670" ind1=" " ind2=" ">
    <marc:subfield code="a">RiemannL|1|2/p suppl.</marc:subfield>
    <marc:subfield code="b">Gabrieli, Andrea [1510c-1586]</marc:subfield>
    <marc:subfield code="w">2496</marc:subfield>
  </marc:datafield>
  <marc:datafield tag="670" ind1=" " ind2=" ">
    <marc:subfield code="a">RiemannL|1|2/p</marc:subfield>
    <marc:subfield code="b">Gabrieli, Andrea [1510c-1586]</marc:subfield>
    <marc:subfield code="w">408</marc:subfield>
  </marc:datafield>
  <marc:datafield tag="670" ind1=" " ind2=" ">
    <marc:subfield code="a">RiemannL|1|3</marc:subfield>
    <marc:subfield code="b">Gabrieli, Andrea [1532c-1586]</marc:subfield>
    <marc:subfield code="w">30026906</marc:subfield>
  </marc:datafield>
  <marc:datafield tag="670" ind1=" " ind2=" ">
    <marc:subfield code="a">Rizzoli-RicordiE</marc:subfield>
    <marc:subfield code="b">Gabrieli, Andrea [1510c-1586]</marc:subfield>
    <marc:subfield code="w">1754</marc:subfield>
  </marc:datafield>
  <marc:datafield tag="680" ind1=" " ind2=" ">
    <marc:subfield code="a">Onkel von Giovanni Gabrieli</marc:subfield>
  </marc:datafield>
  <marc:datafield tag="856" ind1=" " ind2=" ">
    <marc:subfield code="u">http://www.oxfordmusiconline.com/grovemusic/view/10.1093/gmo/9781561592630.001.0001/omo-9781561592630-e-0000040692</marc:subfield>
    <marc:subfield code="y">Bryant, D. (2001, January 01). Gabrieli, Andrea. Grove Music Online. Ed. Retrieved 30 Jan. 2019</marc:subfield>
  </marc:datafield>
  <marc:datafield tag="856" ind1=" " ind2=" ">
    <marc:subfield code="u">https://www.mgg-online.com/mgg/stable/14448</marc:subfield>
    <marc:subfield code="y">, Art. Gabrieli, Andrea, in: MGG Online, zuerst veröffentlicht 2002, online veröffentlicht 2016</marc:subfield>
  </marc:datafield>
</marc:record>
